}
@article{dijkstra2002go,
  title={Go to statement considered harmful},
  author={Dijkstra, Edsger W},
  journal={Communications of the ACM},
  volume={11},
  number={3},
  pages={147-148},
  year={1968},
}
@article{bohm1966flow,
  title={Flow diagrams, turing machines and languages with only two formation rules},
  author={B{\"o}hm, Corrado and Jacopini, Giuseppe},
  journal={Communications of the ACM},
  volume={9},
  number={5},
  pages={366--371},
  year={1966},
  publisher={ACM}
}
@article{chun2005software,
  title={On software, or the persistence of visual knowledge},
  author={Chun, Wendy Hui Kyong},
  journal={grey room},
  number={18},
  pages={26--51},
  year={2005},
  publisher={MIT Press}
}
@article{chun2008enduring,
  title={The enduring ephemeral, or the future is a memory},
  author={Chun, Wendy Hui Kyong},
  journal={Critical Inquiry},
  volume={35},
  number={1},
  pages={148--171},
  year={2008},
  publisher={The University of Chicago Press}
}
@article{chun2008sourcery,
  title={On" sourcery," or code as fetish},
  author={Chun, Wendy Hui Kyong},
  journal={Configurations},
  volume={16},
  number={3},
  pages={299--324},
  year={2008},
  publisher={The Johns Hopkins University Press}
}
@inproceedings{huch2007learning,
  title={Learning programming with erlang},
  author={Huch, Frank},
  booktitle={Proceedings of the 2007 SIGPLAN workshop on ERLANG Workshop},
  pages={93--99},
  year={2007},
  organization={ACM}
}